@online{OEIS,
    title = "The On-Line Encyclopedia of Integer Sequences",
    url   = "https://oeis.org/",
}
@manual{PARI2,
      organization = "{The PARI~Group}",
      title        = "{PARI/GP version \texttt{2.11.2}}",
      year         = 2019,
      address      = "Univ. Bordeaux",
      note         = "available from \url{http://pari.math.u-bordeaux.fr/}"
}
